<record><leader>00000cas a2200000I  4500</leader><controlfield tag="001">8139299</controlfield><controlfield tag="008">820209d195519uuvaumr n       0    0eng d</controlfield><datafield ind1=" " ind2=" " tag="010"><subfield code="a">sn 94060080 </subfield></datafield><datafield ind1=" " ind2=" " tag="040"><subfield code="a">VIC</subfield><subfield code="b">eng</subfield><subfield code="c">VIC</subfield><subfield code="d">NVK</subfield><subfield code="d">OCL</subfield><subfield code="d">NVK</subfield><subfield code="d">OCLCQ</subfield><subfield code="d">OCLCF</subfield><subfield code="d">OCLCQ</subfield><subfield code="d">OCLCO</subfield></datafield><datafield ind1=" " ind2=" " tag="043"><subfield code="a">n-us-va</subfield><subfield code="a">n-us---</subfield></datafield><datafield ind1=" " ind2=" " tag="090"><subfield code="a">E184.A1</subfield><subfield code="b">V8</subfield></datafield><datafield ind1="0" ind2=" " tag="130"><subfield code="a">Virginian (Newport News, Va.)</subfield></datafield><datafield ind1="1" ind2="4" tag="245"><subfield code="a">The Virginian.</subfield></datafield><datafield ind1=" " ind2=" " tag="260"><subfield code="a">Newport News, Va. :</subfield><subfield code="b">Virginia League,</subfield></datafield><datafield ind1=" " ind2=" " tag="300"><subfield code="a">v.</subfield><subfield code="b">ill., ports.,</subfield><subfield code="c">28-45 cm.</subfield></datafield><datafield ind1=" " ind2=" " tag="310"><subfield code="a">Monthly</subfield></datafield><datafield ind1="0" ind2=" " tag="362"><subfield code="a">Vol. 1, no. 1 (July 1955)-</subfield></datafield><datafield ind1=" " ind2=" " tag="500"><subfield code="a">Editor: July 1955- William Stephenson.</subfield></datafield><datafield ind1=" " ind2=" " tag="500"><subfield code="a">"Virginia's State's rights monthly paper."</subfield></datafield><datafield ind1=" " ind2=" " tag="500"><subfield code="a">Changed to periodical format Sept. 1957.</subfield></datafield><datafield ind1=" " ind2=" " tag="550"><subfield code="a">Published July 1955-July 1956 by the Virginia League; Aug./Sept. 1956- by Lacy Jeffreys.</subfield></datafield><datafield ind1=" " ind2="0" tag="650"><subfield code="a">African Americans</subfield><subfield code="x">Segregation.</subfield></datafield><datafield ind1=" " ind2="0" tag="650"><subfield code="a">Segregation in education.</subfield></datafield><datafield ind1=" " ind2="0" tag="650"><subfield code="a">States' rights (American politics)</subfield></datafield><datafield ind1=" " ind2="0" tag="651"><subfield code="a">Newport News (Va.)</subfield><subfield code="v">Newspapers.</subfield></datafield><datafield ind1=" " ind2="0" tag="651"><subfield code="a">United States</subfield><subfield code="x">Race relations</subfield><subfield code="v">Newspapers.</subfield></datafield><datafield ind1=" " ind2="7" tag="650"><subfield code="a">African Americans</subfield><subfield code="x">Segregation.</subfield><subfield code="2">fast</subfield><subfield code="0">(OCoLC)fst00799695</subfield></datafield><datafield ind1=" " ind2="7" tag="650"><subfield code="a">Race relations.</subfield><subfield code="2">fast</subfield><subfield code="0">(OCoLC)fst01086509</subfield></datafield><datafield ind1=" " ind2="7" tag="650"><subfield code="a">Segregation in education.</subfield><subfield code="2">fast</subfield><subfield code="0">(OCoLC)fst01111221</subfield></datafield><datafield ind1=" " ind2="7" tag="650"><subfield code="a">States' rights (American politics)</subfield><subfield code="2">fast</subfield><subfield code="0">(OCoLC)fst01716031</subfield></datafield><datafield ind1=" " ind2="7" tag="651"><subfield code="a">United States.</subfield><subfield code="2">fast</subfield><subfield code="0">(OCoLC)fst01204155</subfield></datafield><datafield ind1=" " ind2="7" tag="651"><subfield code="a">Virginia</subfield><subfield code="z">Newport News.</subfield><subfield code="2">fast</subfield><subfield code="0">(OCoLC)fst01205348</subfield></datafield><datafield ind1=" " ind2="7" tag="655"><subfield code="a">Newspapers.</subfield><subfield code="2">fast</subfield><subfield code="0">(OCoLC)fst01423814</subfield></datafield><datafield ind1="1" ind2=" " tag="700"><subfield code="a">Stephenson, William.</subfield></datafield><datafield ind1="1" ind2=" " tag="700"><subfield code="a">Jeffreys, Lacy.</subfield></datafield><datafield ind1="2" ind2=" " tag="710"><subfield code="a">Virginia League.</subfield></datafield><datafield ind1=" " ind2=" " tag="752"><subfield code="a">United States</subfield><subfield code="b">Virginia</subfield><subfield code="d">Newport News.</subfield></datafield></record>